<collection xmlns="http://www.loc.gov/MARC21/slim">
<record>
  <leader>00590na 0a22001451i 450 </leader>
  <controlfield tag="001">IT\ICCU\CNCE\064641</controlfield>
  <controlfield tag="005">20061011000000.0</controlfield>
  <datafield tag="100" ind1=" " ind2=" ">
    <subfield code="a">20060529             0itac0103    ba</subfield>
  </datafield>
  <datafield tag="101" ind1=" " ind2=" ">
    <subfield code="a">ITA</subfield>
  </datafield>
  <datafield tag="200" ind1="1" ind2=" ">
    <subfield code="a">Terza parte del dialogo, ouer interrogatorio ...</subfield>
  </datafield>
  <datafield tag="700" ind1=" " ind2="1">
    <subfield code="a">Montorfano,</subfield>
    <subfield code="b">Giovan Paolo</subfield>
    <subfield code="3">IT\ICCU\CNCA\003234</subfield>
  </datafield>
  <datafield tag="790" ind1=" " ind2="1">
    <subfield code="a">Montorfani,</subfield>
    <subfield code="b">Giovan Paolo</subfield>
    <subfield code="3">IT\ICCU\CNCA\020199</subfield>
    <subfield code="z">Montorfano, Giovan Paolo</subfield>
  </datafield>
  <datafield tag="790" ind1=" " ind2="0">
    <subfield code="a">Giovan Paolo</subfield>
    <subfield code="c"> : da#Como</subfield>
    <subfield code="3">IT\ICCU\CNCA\024101</subfield>
    <subfield code="z">Montorfano, Giovan Paolo</subfield>
  </datafield>
  <datafield tag="790" ind1=" " ind2="0">
    <subfield code="a">Giovanni Paolo</subfield>
    <subfield code="c"> : da Como</subfield>
    <subfield code="3">IT\ICCU\CNCA\028994</subfield>
    <subfield code="z">Montorfano, Giovan Paolo</subfield>
  </datafield>
  <datafield tag="801" ind1=" " ind2="3">
    <subfield code="a">IT</subfield>
    <subfield code="b">ICCU</subfield>
    <subfield code="c">20201115</subfield>
  </datafield>
</record>
</collection>
